29000000      080208561701000101                    00910 000000009396 2PAGSEGURO INTERNET LTDA       ITA                                     11604201918074600000000000000                                                                     
29000011C2041040 208561701000101                    00910 000000009396 2PAGSEGURO INTERNET LTDA                                                                             00000                                   00000000                    
2900001300001A00100074803953 000000019468 9MARIA  DO SOCORRO SILVA       3273377764        PS16042019REA        0000000000000000007700                            000000000000000                    00000000053779711591            0          
2900001300002B   100053779711591                              00000                                                  00000000                                                                                                                   
29000015         004002000000000008599213000000000000000000000000                                                                                                                                                                               
29099999         000001004004                                                                                                                                                                                                                   
