29000000      080208561701000101                    00910 000000009396 2PAGSEGURO INTERNET LTDA       ITA                                     10511201910501900000000000000                                                                     
29000011C2041040 208561701000101                    00910 000000009396 2PAGSEGURO INTERNET LTDA                                                                             00000                                   00000000                    
2900001300001A00100074803953 000000019468 9MARIA  DO SOCORRO SILVA       JDNUMCTRLIF00000000105112019REA        0000000000000000007700                            000000000000000                    00000000053779711591            0          
2900001300002B   100053779711591                              00000                                                  00000000                                                                                                                   
2900001300001A00100074803953 000000019468 9MARIA  DO SOCORRO SILVA       JDNUMCTRLIF00000000205112019REA        0000000000000000007700                            000000000000000                    00000000053779711591            0          
2900001300002B   100053779711591                              00000                                                  00000000                                                                                                                   
2900001300001A00100074803953 000000019468 9MARIA  DO SOCORRO SILVA       JDNUMCTRLIF00000000305112019REA        0000000000000000007700                            000000000000000                    00000000053779711591            0          
2900001300002B   100053779711591                              00000                                                  00000000                                                                                                                   
2900001300001A00100074803953 000000019468 9MARIA  DO SOCORRO SILVA       JDNUMCTRLIF00000000405112019REA        0000000000000000007700                            000000000000000                    00000000053779711591            0          
2900001300002B   100053779711591                              00000                                                  00000000                                                                                                                   
2900001300001A00100074803953 000000019468 9MARIA  DO SOCORRO SILVA       JDNUMCTRLIF00000000505112019REA        0000000000000000007700                            000000000000000                    00000000053779711591            0          
2900001300002B   100053779711591                              00000                                                  00000000                                                                                                                   
2900001300001A00100074803953 000000019468 9MARIA  DO SOCORRO SILVA       JDNUMCTRLIF00000000605112019REA        0000000000000000007700                            000000000000000                    00000000053779711591            0          
2900001300002B   100053779711591                              00000                                                  00000000                                                                                                                   
2900001300001A00100074803953 000000019468 9MARIA  DO SOCORRO SILVA       JDNUMCTRLIF00000000705112019REA        0000000000000000007700                            000000000000000                    00000000053779711591            0          
2900001300002B   100053779711591                              00000                                                  00000000                                                                                                                   
2900001300001A00100074803953 000000019468 9MARIA  DO SOCORRO SILVA       JDNUMCTRLIF00000000805112019REA        0000000000000000007700                            000000000000000                    00000000053779711591            0          
2900001300002B   100053779711591                              00000                                                  00000000                                                                                                                   
2900001300001A00100074803953 000000019468 9MARIA  DO SOCORRO SILVA       JDNUMCTRLIF00000000905112019REA        0000000000000000007700                            000000000000000                    00000000053779711591            0          
2900001300002B   100053779711591                              00000                                                  00000000                                                                                                                   
2900001300001A00100074803953 000000019468 9MARIA  DO SOCORRO SILVA       JDNUMCTRLIF00000001005112019REA        0000000000000000007700                            000000000000000                    00000000053779711591            0          
2900001300002B   100053779711591                              00000                                                  00000000                                                                                                                   
29000015         000024000000000008599213000000000000000000000000                                                                                                                                                                               
29099999         000001000024                                                                                                                                                                                                                   