29000000      080208561701000101                    00910 000000009396 2PAGSEGURO INTERNET LTDA       ITA                                     20205201909000000000160                                                         
29000011C2001031 208561701000101                    00910 000000009396 2PAGSEGURO INTERNET LTDA                                                                             00000                                   00000000                    
2900001300001A00100074803953 000000019468 9MARIA  DO SOCORRO SILVA       3273377764        PS02052019BRL        0000000000000000007700                            000000000000000                    00000000053779711591            000    
2900001300002B   100053779711591                              00000                                                  00000000                                                                                                                   
29000015         000001000000000000007700000000000000000000000000                                                                                                                                                                               
29099999         000001000001 